<?xml version="1.0" encoding="UTF-8" standalone="yes"?>
<Document xmlns="urn:iso:std:iso:20022:tech:xsd:camt.053.001.04">
    <BkToCstmrStmt>
        <GrpHdr>
            <MsgId>MSG-C053-220721113438-01</MsgId>
            <CreDtTm>2022-07-21T11:34:38.652+02:00</CreDtTm>
            <AddtlInf>PRODUCTIVE</AddtlInf>
        </GrpHdr>
        <Stmt>
            <Id>STM-C053-220721113438-01</Id>
            <ElctrncSeqNb>31</ElctrncSeqNb>
            <CreDtTm>2022-07-21T11:34:38.653+02:00</CreDtTm>
            <FrToDt>
                <FrDtTm>2017-01-01T00:00:00.000+01:00</FrDtTm>
                <ToDtTm>2022-07-20T23:59:59.999+02:00</ToDtTm>
            </FrToDt>
            <Acct>
                <Id>
                    <IBAN>CH4080808008919700926</IBAN>
                </Id>
                <Ownr>
                    <Nm>Mint System GmbH</Nm>
                </Ownr>
                <Svcr>
                    <FinInstnId>
                        <Nm>Raiffeisenbank Urnerland</Nm>
                    </FinInstnId>
                </Svcr>
            </Acct>
            <Bal>
                <Tp>
                    <CdOrPrtry>
                        <Cd>OPBD</Cd>
                    </CdOrPrtry>
                </Tp>
                <Amt Ccy="CHF">118842.54</Amt>
                <CdtDbtInd>CRDT</CdtDbtInd>
                <Dt>
                    <Dt>2022-07-12</Dt>
                </Dt>
            </Bal>
            <Bal>
                <Tp>
                    <CdOrPrtry>
                        <Cd>CLBD</Cd>
                    </CdOrPrtry>
                </Tp>
                <Amt Ccy="CHF">118360.24</Amt>
                <CdtDbtInd>CRDT</CdtDbtInd>
                <Dt>
                    <Dt>2022-07-14</Dt>
                </Dt>
            </Bal>
            <Ntry>
                <Amt Ccy="CHF">784.3</Amt>
                <CdtDbtInd>DBIT</CdtDbtInd>
                <RvslInd>false</RvslInd>
                <Sts>BOOK</Sts>
                <BookgDt>
                    <Dt>2022-07-12</Dt>
                </BookgDt>
                <ValDt>
                    <Dt>2022-07-12</Dt>
                </ValDt>
                <AcctSvcrRef>14256148562</AcctSvcrRef>
                <BkTxCd>
                    <Domn>
                        <Cd>PMNT</Cd>
                        <Fmly>
                            <Cd>ICDT</Cd>
                            <SubFmlyCd>DMCT</SubFmlyCd>
                        </Fmly>
                    </Domn>
                    <Prtry>
                        <Cd>1000</Cd>
                    </Prtry>
                </BkTxCd>
                <AmtDtls>
                    <TxAmt>
                        <Amt Ccy="CHF">784.3</Amt>
                    </TxAmt>
                </AmtDtls>
                <AddtlNtryInf>E-Banking Auftrag an Ausgleichskasse</AddtlNtryInf>
            </Ntry>
            <Ntry>
                <NtryRef>CH6830808008919700926</NtryRef>
                <Amt Ccy="CHF">581.6</Amt>
                <CdtDbtInd>CRDT</CdtDbtInd>
                <RvslInd>false</RvslInd>
                <Sts>BOOK</Sts>
                <BookgDt>
                    <Dt>2022-07-12</Dt>
                </BookgDt>
                <ValDt>
                    <Dt>2022-07-12</Dt>
                </ValDt>
                <AcctSvcrRef>14255214365</AcctSvcrRef>
                <BkTxCd>
                    <Domn>
                        <Cd>PMNT</Cd>
                        <Fmly>
                            <Cd>RCDT</Cd>
                            <SubFmlyCd>VCOM</SubFmlyCd>
                        </Fmly>
                    </Domn>
                    <Prtry>
                        <Cd>1000</Cd>
                    </Prtry>
                </BkTxCd>
                <AddtlNtryInf>Sammelbuchung QR-Rechnung mit QR-Referenz</AddtlNtryInf>
            </Ntry>
            <Ntry>
                <Amt Ccy="CHF">796.55</Amt>
                <CdtDbtInd>DBIT</CdtDbtInd>
                <RvslInd>false</RvslInd>
                <Sts>BOOK</Sts>
                <BookgDt>
                    <Dt>2022-07-12</Dt>
                </BookgDt>
                <ValDt>
                    <Dt>2022-07-12</Dt>
                </ValDt>
                <AcctSvcrRef>14256151019</AcctSvcrRef>
                <BkTxCd>
                    <Domn>
                        <Cd>PMNT</Cd>
                        <Fmly>
                            <Cd>ICDT</Cd>
                            <SubFmlyCd>AUTT</SubFmlyCd>
                        </Fmly>
                    </Domn>
                    <Prtry>
                        <Cd>1000</Cd>
                    </Prtry>
                </BkTxCd>
                <AmtDtls>
                    <TxAmt>
                        <Amt Ccy="CHF">796.55</Amt>
                    </TxAmt>
                </AmtDtls>
                <AddtlNtryInf>E-Banking Sammelauftrag aus Einzelzahlungen</AddtlNtryInf>
            </Ntry>
            <Ntry>
                <NtryRef>CH6830808008919700926</NtryRef>
                <Amt Ccy="CHF">516.95</Amt>
                <CdtDbtInd>CRDT</CdtDbtInd>
                <RvslInd>false</RvslInd>
                <Sts>BOOK</Sts>
                <BookgDt>
                    <Dt>2022-07-14</Dt>
                </BookgDt>
                <ValDt>
                    <Dt>2022-07-14</Dt>
                </ValDt>
                <AcctSvcrRef>14263016951</AcctSvcrRef>
                <BkTxCd>
                    <Domn>
                        <Cd>PMNT</Cd>
                        <Fmly>
                            <Cd>RCDT</Cd>
                            <SubFmlyCd>VCOM</SubFmlyCd>
                        </Fmly>
                    </Domn>
                    <Prtry>
                        <Cd>1000</Cd>
                    </Prtry>
                </BkTxCd>
                <AddtlNtryInf>Sammelbuchung QR-Rechnung mit QR-Referenz</AddtlNtryInf>
            </Ntry>
        </Stmt>
    </BkToCstmrStmt>
</Document>
